%% This BibTeX bibliography file was created using BibDesk.
%% http://bibdesk.sourceforge.net/


%% Created for Robert Bahmann at 2009-07-24 22:14:27 +0200 


%% Saved with string encoding Unicode (UTF-8) 



@booklet{phd,
	Author = {Jorge Cham},
	Date-Added = {2009-07-24 22:13:16 +0200},
	Date-Modified = {2009-07-24 22:14:27 +0200},
	Description = {Link to Piled Higher and Deeper},
	Keywords = {geeks,comic strip,comics,comic book,humor,comic strips,comic books},
	Month = {4},
	Title = {PHD Comic: Not a good sign either},
	howpublished = "\url{http://www.phdcomics.com/comics/archive.php?comicid=1160}",
	Year = {2009}}

@book{kao07,
	Author = {Kao, M.Y.},
	Date-Added = {2009-07-24 15:46:38 +0200},
	Date-Modified = {2009-07-24 15:46:51 +0200},
	Publisher = {Springer Verlag},
	Title = {Encyclopedia of algorithms},
	Year = {2007}}

@article{karp1972,
	Author = {Karp, R.M.},
	Date-Added = {2009-07-23 15:55:13 +0200},
	Date-Modified = {2009-07-23 15:55:21 +0200},
	Journal = {Complexity of computer computations},
	Pages = {85--103},
	Title = {{Reducibility among combinatorial problems}},
	Volume = {43},
	Year = {1972}}

@book{wanka,
	Author = {Wanka, R.},
	Date-Added = {2009-07-23 15:09:09 +0200},
	Date-Modified = {2009-07-23 15:09:35 +0200},
	Publisher = {Teubner},
	Title = {{Approximationsalgorithmen eine Einf{\"u}hrung}},
	Year = {2006}}

@conference{gra66,
	Author = {Graham, RL},
	Booktitle = {Proceedings of the November 16-18, 1971, fall joint computer conference},
	Date-Added = {2009-07-23 14:55:19 +0200},
	Date-Modified = {2009-07-23 14:57:19 +0200},
	Organization = {ACM New York, NY, USA},
	Pages = {205--217},
	Title = {{Bounds on multiprocessing anomalies and related packing algorithms}},
	Year = {1971}}

@book{coanap,
	Author = {Giorgio Ausiello},
	Date-Added = {2009-06-17 06:45:22 +0200},
	Date-Modified = {2009-06-17 06:46:56 +0200},
	Howpublished = {Springer},
	Publisher = {Springer},
	Robots = {noarchive},
	Title = {Complexity and approximation},
	Year = {1999}}

@book{aee,
	Author = {Thomas H Cormen, Charles E. Leiserson},
	Date-Added = {2009-06-17 01:07:47 +0200},
	Date-Modified = {2009-06-17 01:09:33 +0200},
	Editor = {Micaela Krieger-Hauwede, Karin Lippert},
	Publisher = {Oldenbourg Wissenschaftsverlag},
	Title = {Algorithmen - Eine Einf{\"u}hrung},
	Year = {2007}}

@book{tikg,
	Author = {Sch{\"o}ning, Uwe},
	Date-Added = {2009-06-16 22:50:37 +0200},
	Date-Modified = {2009-06-16 22:51:13 +0200},
	Publisher = {B.I. Wiss. Verl.},
	Title = {Theoretische Informatik kurz gefasst},
	Year = {1992}}
